@inproceedings{BroadeningAccess,
  author     =  {William Michener and Rebecca Koskela and Dave Vieglais and Amber Budden},
  booktitle  =  {International Innovation},
  title = {Broadening Access},
  pages      =  {15--17},
  address    =  {New York, NY},
  publisher  =  {Springer},
  year       =  2012,
  url 		= {http://www.research-europe.com/magazine/ENVIRONMENT/2012-15/index.html}
}

@inproceedings{lebo2011producing,
  author     =  {Timothy Lebo and John S. Erickson and Li Ding and Alvaro Graves and Gregory Todd Williams and Dominic DiFranzo and Xian Li and James Michaelis and Jin Guang Zheng and Johanna Flores and Zhenning Shangguan and Deborah L. McGuinness and Jim Hendler},
  title      =  {Producing and Using Linked Open Government Data in the TWC LOGD Portal},
  booktitle  =  {Linking Government Data},
  pages      =  {},
  address    =  {New York, NY},
  publisher  =  {Springer},
  year       =  2011,
  editor     =  {David Wood}
}

@inproceedings{Glimm_integratedmetamodeling,
    author = {Birte Glimm and Sebastian Rudolph and Johanna VÃ¶lker},
    title = {Integrated Metamodeling and Diagnosis in OWL 2},
    year = {2010}
}

@inproceedings{SchulzSB08,
  added-at = {2008-08-04T00:00:00.000+0200},
  author = {Stefan Schulz and Holger Stenzhorn and Martin Boeker},
  biburl = {http://www.bibsonomy.org/bibtex/2b5b29737cf982d850bef12c7e362ade4/dblp},
  booktitle = {ISMB},
  crossref = {conf/ismb/2008},
  date = {2008-08-04},
  description = {dblp},
  ee = {http://dx.doi.org/10.1093/bioinformatics/btn158},
  interhash = {bbac3e9235d47701e985bcda545784b7},
  intrahash = {b5b29737cf982d850bef12c7e362ade4},
  keywords = {dblp},
  pages = {313-321},
  timestamp = {2008-08-04T00:00:00.000+0200},
  title = {The ontology of biological taxa.},
  url = {http://dblp.uni-trier.de/db/conf/ismb/ismb2008.html#SchulzSB08},
  year = 2008
}


@proceedings{conf/ismb/2008,
  title     = {Proceedings 16th International Conference on Intelligent
               Systems for Molecular Biology (ISMB), Toronto, Canada, July
               19-23, 2008},
  booktitle = {ISMB (Supplement of Bioinformatics)},
  year      = {2008},
  bibsource = {DBLP, http://dblp.uni-trier.de}
}

@inproceedings{clements,
author = {J. F. Clements and T. S. Schulenberg and M. J. Iliff and B.L. Sullivan and C. L. Wood and and D. Roberson},
booktitle = {Proceedings of the 16th International Conference on Intelligence Systems for Molecular Biology},
title = {The eBird/Clements checklist of birds of the world: Version 6.7.},
year = {2012}}

@inproceedings{SemantAqua:EIM2011,
author = {Jin Guang Zheng and Ping Wang and Evan W. Patton and Timothy Lebo and Joanne S. Luciano and Deborah L. McGuinness},
booktitle = {Proceedings of the Environmental Information Management Conference 2011},
title = {A Semantically-Enabled Provenance-Aware Water Quality Portal},
date = {September 28-29 2011},
address = {Santa Barbara, CA, USA},
year = {2011}}

@inproceedings{SemantEco:eScience2012,
author = {Ping Wang and Linyun Fu and Evan W. Patton and Deborah L. McGuinness and F. Joshua Dein and R. Sky Bristol},
booktitle = {8th IEEE International Conference on eScience},
title = {Towards Semantically-enabled Exploration and Analysis of Environmental Ecosystems},
year = {2012}}

@mastersthesis{SemantAqua:Wang-MSThesis,
author = {Ping Wang},
school = {Rensselaer Polytechnic Institute},
title = {Semantically Enabling Next Generation Environmental Informatics Portals},
year = {2012}}

@inproceedings{SemantAqua:ISWC2011,
address = {Berlin, Heidelberg},
author = {Ping Wang and Jin Guang Zheng and Linyun Fu and Evan W. Patton and Timothy Lebo and Li Ding and Qing Liu and Joanne S. Luciano and Deborah L. McGuinness},
booktitle = {Proceedings of the 10th International Semantic Web Conference},
pages = {253-268},
publisher = {Springer-Verlag},
title = {A Semantic Portal for Next Generation Monitoring Systems},
year = {2011}}

@techreport{SemantEco:TR2012,
address = {Troy, NY},
author = {Ping Wang and Linyun Fu and Evan W. Patton and Deborah L. McGuinness and F. Joshua Dein and R. Sky Bristol},
institution = {Rensselaer Polytechnic Institute},
title = {Putting Semantic Technology into Practice: Expanding the SemantEco Environment to Support Natural Resource Managers},
year = {2012}}


@inbook{REST,
author = {Roy T. Fielding},
chapter = {Representational State Transfer},
publisher = {University of California, Irvine},
title = {Principled Design of the Modern Web Architecture},
year = {2000}}


@techreport{OWL2,
author = {Boris Motik and Peter F. Patel-Schneider and Bijan Parsia},
institution = {W3C},
title = {OWL 2 Web Ontology Language: Structural Specification and Functional-Style Syntax},
year = {2012}}

@misc{Wildpro,
author = {{Wildlife Information Network}},
publisher = {Wildlife Information Network},
key = {Wildlife Information Network},
month = {October},
title = {Wildpro - the electronic encyclopaedia and library for wildlife},
url = {http://wildpro.twycrosszoo.org/},
urldate = {October 2012},
year = {2012}}


@article{Pellet,
author = {Evrin Sirin and Bijan Parsia and Bernardo Cuenca-Grau and Aditya Kalyanpur and Yarden Katz},
journal = {Web Semantics: Science, Services and Agents on the World Wide Web},
month = {June},
number = {2},
pages = {51-53},
title = {Pellet: A Practical OWL-DL Reasoner},
volume = {5},
year = {2007}}


@inproceedings{Jena,
address = {New York, NY, USA},
author = {Jeremy J. Carroll and Ian Dickinson and Chris Dollin and Dave Reynolds and Andy Seaborne and Kevin Wilkinson},
booktitle = {Proceedings of the 13th international World Wide Web conference on Alternate track papers \& posters},
pages = {74--83},
publisher = {ACM},
title = {Jena: Implementing the Semantic Web Recommendations},
year = {2004}}


@techreport{fish,
author = {{National Fish Habitat Board}},
title = {Through a Fish's Eye: The Status of Fish Habitats in the {United States} 2010},
year = {2010},
institution = {{Association of Fish and Wildlife Agencies}},
address = {Washington, D.C.}}


@article{environmental-modelling,
author = {Ferdinando Villa and Ioannis N. Athanasiadis and Andrea Emilio Rizzoli},
title = {Modelling with knowledge: A review of emerging semantic approaches to environmental modelling},
year = {2009},
journal = {Environmental Modelling \& Software},
month = {May},
volume = {24},
number = {5},
pages = {577--587}}


@techreport{one-health,
author = {{The American Veterinary Medical Association}},
title = {One Health: A New Professional Imperative},
year = {2007},
institution = {{The American Veterinary Medical Association}},
url = {https://www.avma.org/KB/Resources/Reports/Pages/One-Health117.aspx}}


@article{OBOE,
author = {Jousha Madin and Shawn Bowers and Mark Schildhauer and Sergeui Krivov and Deana Pennington and Ferdinando Villa},
title = {An ontology for describing and synthesizing ecological observation data},
year = {2007},
journal = {Ecological Informatics},
month = {October},
volume = {2},
number = {3},
pages = {279--296}}

@techreport{JSPTagHandlers,
title = {Custom Tags in JSP Pages},
year = {2010},
howpublished = {\url{http://docs.oracle.com/javaee/5/tutorial/doc/bnalj.html}},
institution = {Oracle},
lastaccessed = {2013-02-23}}